<record><leader>00000cas a22000007a 4500</leader><controlfield tag="001">15296542</controlfield><controlfield tag="008">870310d18441844inuwr ne      0    0eng d</controlfield><datafield ind1=" " ind2=" " tag="010"><subfield code="a">sn 87055334 </subfield></datafield><datafield ind1=" " ind2=" " tag="040"><subfield code="a">NPI</subfield><subfield code="b">eng</subfield><subfield code="c">NPI</subfield><subfield code="d">OCLCQ</subfield></datafield><datafield ind1=" " ind2=" " tag="042"><subfield code="a">msc</subfield></datafield><datafield ind1="0" ind2="4" tag="245"><subfield code="a">The Peru cork-screw and gimlet of attraction.</subfield></datafield><datafield ind1="3" ind2="0" tag="246"><subfield code="a">Peru cork-screw and gimblet of attraction</subfield></datafield><datafield ind1=" " ind2=" " tag="260"><subfield code="a">Peru, Miami County, Ind. :</subfield><subfield code="b">David Douglass</subfield></datafield><datafield ind1=" " ind2=" " tag="300"><subfield code="a">v.</subfield></datafield><datafield ind1=" " ind2=" " tag="310"><subfield code="a">Weekly</subfield></datafield><datafield ind1="1" ind2=" " tag="362"><subfield code="a">Began with Feb. 16, 1844 issue? Ceased in 1844.</subfield></datafield><datafield ind1=" " ind2=" " tag="500"><subfield code="a">Issues for &lt;Feb. 23, 1844-&gt; have title: Peru cork-screw and gimblet of attraction.</subfield></datafield><datafield ind1=" " ind2=" " tag="588"><subfield code="a">Description based on: Vol. 1, no. 3 (Feb. 23, 1844).</subfield></datafield><datafield ind1=" " ind2=" " tag="588"><subfield code="a">Latest issue consulted: Vol. 1, no. 14 (May 10, 1844).</subfield></datafield><datafield ind1=" " ind2=" " tag="752"><subfield code="a">United States</subfield><subfield code="b">Indiana</subfield><subfield code="c">Miami</subfield><subfield code="d">Peru.</subfield></datafield><datafield ind1="0" ind2="0" tag="780"><subfield code="t">Peru cork-screw and gimlet of reform</subfield><subfield code="w">(DLC)sn 84037998</subfield><subfield code="w">(OCoLC)11171930</subfield></datafield></record>